@book{connolly:2015:database,
	author = {Connolly, Thomas M and Begg, Carolyn E},
	date-added = {2020-10-02 09:47:59 +0100},
	date-modified = {2020-10-02 09:49:26 +0100},
	edition = {6th},
	publisher = {Pearson},
	title = {Database Systems: A Practical Approach to Design, Implementation and Management},
	year = {2015}}

@article{haerder:1983:principles,
	author = {Haerder, Theo and Reuter, Andreas},
	date-added = {2021-01-20 20:21:38 +0000},
	date-modified = {2021-01-20 21:31:16 +0000},
	journal = {Computing Surveys},
	month = {December},
	number = {4},
	title = {Principles of Transaction-Oriented Database Recovery},
	volume = {15},
	year = {1983},
	bdsk-url-1 = {https://doi.org/10.1145/289.291}}

